@article{team2013r,
  title={R: A language and environment for statistical computing},
  author={Team, R Core and others},
  year={2013},
  publisher={Vienna, Austria}
}

@article{hohna2016revbayes,
  title={RevBayes: Bayesian phylogenetic inference using graphical models and an interactive model-specification language},
  author={H{\"o}hna, Sebastian and Landis, Michael J and Heath, Tracy A and Boussau, Bastien and Lartillot, Nicolas and Moore, Brian R and Huelsenbeck, John P and Ronquist, Fredrik},
  journal={Systematic Biology},
  volume={65},
  number={4},
  pages={726--736},
  year={2016},
  publisher={Oxford University Press}
}

@article{bouckaert2014beast,
  title={BEAST 2: a software platform for Bayesian evolutionary analysis},
  author={Bouckaert, Remco and Heled, Joseph and K{\"u}hnert, Denise and Vaughan, Tim and Wu, Chieh-Hsi and Xie, Dong and Suchard, Marc A and Rambaut, Andrew and Drummond, Alexei J},
  journal={PLoS computational biology},
  volume={10},
  number={4},
  pages={e1003537},
  year={2014},
  publisher={Public Library of Science}
}

@article{weaver2018datamonkey,
  title={Datamonkey 2.0: a modern web application for characterizing selective and other evolutionary processes},
  author={Weaver, Steven and Shank, Stephen D and Spielman, Stephanie J and Li, Michael and Muse, Spencer V and Kosakovsky Pond, Sergei L},
  journal={Molecular biology and evolution},
  volume={35},
  number={3},
  pages={773--777},
  year={2018},
  publisher={Oxford University Press}
}

@incollection{stamatakis2019review,
  title={A review of approaches for optimizing phylogenetic likelihood calculations},
  author={Stamatakis, Alexandros},
  booktitle={Bioinformatics and Phylogenetics},
  pages={1--19},
  year={2019},
  publisher={Springer}
}

@article{blei2003latent,
  title={Latent dirichlet allocation},
  author={Blei, David M and Ng, Andrew Y and Jordan, Michael I},
  journal={Journal of machine Learning research},
  volume={3},
  number={Jan},
  pages={993--1022},
  year={2003}
}

@article{murrell2013fubar,
  title={FUBAR: a fast, unconstrained bayesian approximation for inferring selection},
  author={Murrell, Ben and Moola, Sasha and Mabona, Amandla and Weighill, Thomas and Sheward, Daniel and Kosakovsky Pond, Sergei L and Scheffler, Konrad},
  journal={Molecular biology and evolution},
  volume={30},
  number={5},
  pages={1196--1205},
  year={2013},
  publisher={Society for Molecular Biology and Evolution}
}
